%% This BibTeX bibliography file in UTF-8 format was created using Papers.
%% http://mekentosj.com/papers/

@article{Eriksson:2008p1143,
author = {Nicholas Eriksson and Lior Pachter and Yumi Mitsuya and Soo-Yon Rhee and Chunlin Wang and Baback Gharizadeh and Mostafa Ronaghi and Robert W Shafer and Niko Beerenwinkel and Glenn Tesler}, 
journal = {PLoS Computational Biology},
title = {Viral Population Estimation Using Pyrosequencing},
number = {5},
volume = {4},
year = {2008},
month = {May},
date-added = {2009-03-08 12:34:19 -0700},
date-modified = {2009-03-08 12:34:20 -0700},
}

@article{Haas:2003p810,
author = {B. J Haas}, 
journal = {Nucleic Acids Research},
title = {Improving the Arabidopsis genome annotation using maximal transcript alignment assemblies},
number = {19},
pages = {5654--5666},
volume = {31},
year = {2003},
month = {Oct},
date-added = {2008-08-15 11:17:58 -0700},
date-modified = {2008-08-15 11:17:59 -0700},
doi = {10.1093/nar/gkg770},
local-url = {file://localhost/Users/cole/Data/Documents/Papers/2003/Haas/Nucleic%20Acids%20Research%202003%20Haas.pdf},
uri = {papers://1C45D7C8-DE5F-4BCB-8C6D-9D101AFF5EFF/Paper/p810},
read = {Yes},
rating = {0}
}

